<record xmlns="http://www.loc.gov/MARC21/slim" xmlns:xsi="http://www.w3.org/2001/XMLSchema-instance" xsi:schemaLocation="http://www.loc.gov/MARC21/slim http://www.loc.gov/standards/marcxml/schema/MARC21slim.xsd"><leader>00549cz   2200145n  4500</leader><controlfield tag="001">oca01671093 </controlfield><controlfield tag="005">20010315155515.0</controlfield><controlfield tag="008">860724n| acannaab           |a aaa     c</controlfield><datafield ind1=" " ind2=" " tag="010"><subfield code="a">n  86138079 </subfield></datafield><datafield ind1=" " ind2=" " tag="040"><subfield code="a">NjP</subfield><subfield code="c">DLC</subfield></datafield><datafield ind1="1" ind2=" " tag="100"><subfield code="a">Ennodius, Magnus Felix,</subfield><subfield code="c">Saint,</subfield><subfield code="d">474-521</subfield></datafield><datafield ind1="1" ind2=" " tag="400"><subfield code="a">Ennodio, Magno Felice,</subfield><subfield code="c">Saint,</subfield><subfield code="d">474-521</subfield></datafield><datafield ind1=" " ind2=" " tag="670"><subfield code="a">His La paraenesis didascalica di Magno Felice Ennodio, 1981.</subfield></datafield><datafield ind1=" " ind2=" " tag="670"><subfield code="a">NUC pre-56</subfield><subfield code="b">(Ennodius, Magnus Felix, Saint, bp. of Pavia, 474-521)</subfield></datafield><datafield ind1=" " ind2=" " tag="670"><subfield code="a">Encycl. Brit., 1967</subfield><subfield code="b">(Ennodius, Magnus Felix (474-521), bishop of Pavia)</subfield></datafield></record>